<Document xmlns="urn:iso:std:iso:20022:tech:xsd:pain.008.001.02">
<CstmrDrctDbtInitn>
    <GrpHdr>
        <MsgId>90000000092</MsgId>
        <CreDtTm>2019-01-15T00:00:00</CreDtTm>
        <NbOfTxs>2</NbOfTxs>
        <CtrlSum>10.0</CtrlSum>
        <InitgPty>
            <Nm>Doneasy</Nm>
        </InitgPty>
    </GrpHdr>
    <PmtInf>
        <PmtInfId>90000000092</PmtInfId>
        <PmtMtd>DD</PmtMtd>
        <BtchBookg>true</BtchBookg>
        <NbOfTxs>2</NbOfTxs>
        <CtrlSum>10.0</CtrlSum>
        <PmtTpInf>
            <SvcLvl>
                <Cd>SEPA</Cd>
            </SvcLvl>
            <LclInstrm>
                <Cd>CORE</Cd>
            </LclInstrm>
            <SeqTp>RCUR</SeqTp>
        </PmtTpInf>
        <ReqdColltnDt>2019-01-28</ReqdColltnDt>
        <Cdtr>
            <Nm>Doneasy</Nm>
            <PstlAdr>
                <Ctry>NL</Ctry>
                <AdrLine>Address 1</AdrLine>
                <AdrLine>Address 2</AdrLine>
            </PstlAdr>
        </Cdtr>
        <CdtrAcct>
            <Id>
                <IBAN>NL00XXXX0000000000</IBAN>
            </Id>
        </CdtrAcct>
        <CdtrAgt>
            <FinInstnId>
                <BIC>XXXXNL2A</BIC>
            </FinInstnId>
        </CdtrAgt>
        <ChrgBr>SLEV</ChrgBr>
        <DrctDbtTxInf>
            <PmtId>
                <EndToEndId>20190101-0</EndToEndId>
            </PmtId>
            <InstdAmt Ccy="EUR">5.0</InstdAmt>
            <DrctDbtTx>
                <MndtRltdInf>
                    <MndtId>2</MndtId>
                    <DtOfSgntr>2019-01-01</DtOfSgntr>
                    <AmdmntInd>false</AmdmntInd>
                </MndtRltdInf>
                <CdtrSchmeId>
                    <Id>
                        <PrvtId>
                            <Othr>
                                <Id>NL00ZZZ0000000000</Id>
                                <SchmeNm>
                                    <Prtry>SEPA</Prtry>
                                </SchmeNm>
                            </Othr>
                        </PrvtId>
                    </Id>
                </CdtrSchmeId>
            </DrctDbtTx>
            <DbtrAgt>
                <FinInstnId>
                    <BIC>TRIONL2U</BIC>
                </FinInstnId>
            </DbtrAgt>
            <Dbtr>
                <Nm>H. van Broektest</Nm>
                <PstlAdr>
                    <Ctry>NL</Ctry>
                </PstlAdr>
            </Dbtr>
            <DbtrAcct>
                <Id>
                    <IBAN>NL97ZZZ342160180000</IBAN>
                </Id>
            </DbtrAcct>
            <Purp>
                <Cd>OTHR</Cd>
            </Purp>
            <RmtInf>
                <Ustrd>HARTELIJK DANK VOOR UW BIJDRAGE</Ustrd>
            </RmtInf>
        </DrctDbtTxInf>
        <DrctDbtTxInf>
            <PmtId>
                <EndToEndId>20190101-1</EndToEndId>
            </PmtId>
            <InstdAmt Ccy="EUR">5.0</InstdAmt>
            <DrctDbtTx>
                <MndtRltdInf>
                    <MndtId>256</MndtId>
                    <DtOfSgntr>2019-01-01</DtOfSgntr>
                    <AmdmntInd>false</AmdmntInd>
                </MndtRltdInf>
                <CdtrSchmeId>
                    <Id>
                        <PrvtId>
                            <Othr>
                                <Id>NL00ZZZ0000000000</Id>
                                <SchmeNm>
                                    <Prtry>SEPA</Prtry>
                                </SchmeNm>
                            </Othr>
                        </PrvtId>
                    </Id>
                </CdtrSchmeId>
            </DrctDbtTx>
            <DbtrAgt>
                <FinInstnId>
                    <BIC>TRIONL2U</BIC>
                </FinInstnId>
            </DbtrAgt>
            <Dbtr>
                <Nm>Mw H Testoeven</Nm>
                <PstlAdr>
                    <Ctry>NL</Ctry>
                </PstlAdr>
            </Dbtr>
            <DbtrAcct>
                <Id>
                    <IBAN>NL00TRIO0000000</IBAN>
                </Id>
            </DbtrAcct>
            <Purp>
                <Cd>OTHR</Cd>
            </Purp>
            <RmtInf>
                <Ustrd>HARTELIJK DANK VOOR UW BIJDRAGE</Ustrd>
            </RmtInf>
        </DrctDbtTxInf>
    </PmtInf>
</CstmrDrctDbtInitn>
</Document>
